% Fundamentals of Machine Elements
@BOOK{fme,
    author = {Steven R. Schmid, Bernard J. Hamrock, Bo O. Jacobsen},
    edition = {3. ed.},
    publisher = {CRC Press},
    title = {Fundamentals of Machine Elements},
    year = 2014
}

% Bærende Konstruktioner 1
@BOOK{BK1,
    author = {John Forbes Olesen, Peter Noe Poulsen},
    edition = {1. Udgave},
    publisher = {Polyteknisk Forlag},
    title = {Bærende Konstruktioner 1},
    year = 2015
}

% Bærende Konstruktioner 2
@BOOK{BK2,
    author = {John Forbes Olesen, Peter Noe Poulsen},
    edition = {1. Udgave},
    publisher = {Polyteknisk Forlag},
    title = {Bærende Konstruktioner 2},
    year = 2016
}

% Bæreende Konstruktioner 3
@BOOK{BK3,
    author = {John Forbes Olesen, Peter Noe Poulsen},
    edition = {1. Udgave},
    publisher = {Polyteknisk Forlag},
    title = {Bærende Konstruktioner 3},
    year = 2018
}

% Metallurgi for Ingeniører
@BOOK{Metallurgi,
    author = {Conrad Vogel, Celia Juhl, Ernst Maahn},
    edition = {9th, ninth, 9e},
    publisher = {Polyteknisk Forlag},
    title = {Metallurgi for Ingeniører},
    year = 2001
}

% Manufactoring Engineering and Technology
@BOOK{kalpakjian,
    author = {Serope Kalpakjian, Steven R. Schmid},
    edition = {7th, seventh, 7e},
    publisher = {Pearson Education, Limited},
    title = {Manufactoring Engineering and Technology},
    year = 2013
}

% Materials Science and Engineering
@BOOK{callister,
    author = {William D. Callister, David G. Rethwisch},
    edition = {9th, ninth, 9e},
    publisher = {John Wiley \& Sons, Limited (Juli 2014)},
    title = {Materials Science and Engineering},
    year = 2015
}

%-------------------------------------------------------------------------------------------
% Femte Semester Projekt kilder
%-------------------------------------------------------------------------------------------

% 
@MISC{ItalysMoradi,
  author = {Emily Pollock},
  title = {Italy’s Morandi Bridge Collapse—What Do We Know?},
  year = {2018},
  howpublished = {\url{https://www.engineering.com/BIM/ArticleID/17517/Italys-Morandi-Bridge-CollapseWhat-Do-We-Know.aspx}}
}

% Vibertions teori
@BOOK{Vibrationsteori,
    author = {Søren R. K. Nielsen},
    edition = {3rd},
    publisher = {Aalborg University},
    title = {Vibrations Theory, Vol. 1 Linear Vibrations Theory},
    year = 2004
}
% Anderes Bradt Viberations teori
@BOOK{Noisevibration,
    author = {Anders Brandt},
    edition = {1st},
    publisher = {John Wiley \& Sons, Ltd},
    title = {Noise and Vibration analysis: Signal Analysis and Experimental Procedures},
    year = 2011
}

% Stålkonstruktioner efter DS/EN 1993-1-1
@BOOK{staalkons,
    author = {Bent Bonnerup, Bjarne Chr. Jensen, Carsten Munk Plum},
    edition = {2. Udgave},
    publisher = {Praxis - Nyt Teknisk Forlag},
    title = {Stål-konstruktioner efter DS/EN 1993-1-1},
    year = 1993
}

% Structures: Theory and Analyses
@BOOK{structurestheoryandanalyses,
    author = {Martin S. Williams, J D Todd},
    edition = {1. Edition},
    publisher = {Palgrave Macmillan},
    title = {Structures: Theory and Analysis},
    year = 2000
}

% Elastic Beams in Three Dimensions
@BOOK{Beams3D,
    author = {Lars Andersen, Søren R.K. Nielsen},
    edition = {1. Edition},
    publisher = {Aalborg University, Department of Civil Engineering Structural Mechanics},
    title = {Elastic Beams in Three Dimensions},
    year = 2008
}

% Finite Element Analyse
@BOOK{robertcookfinite,
    author = {Robert D. Cook},
    edition = {4. Edition},
    publisher = {John Wiley \& Sons, Ltd},
    title = {Concepts And Applications of Finite Element Analysis},
    year = 2002
}
% Lars Damkilde note om FEM for bjælker
@MISC{LarsDamkilde,
  author = {Lars Damkilde},
  title = {Lars Damkilde Noter},
  year = {1999},
  howpublished = {\url{http://homes.civil.aau.dk/lda/Notes/}}
}

% Statistical methods
@BOOK{statistical,
    author = {Alan Agresti},
    edition = {5. Udgave},
    publisher = {Pearson},
    title = {Statistical Methods For The Social Sciences},
    year = 2018
}

% Elementary Linear Algebra
@BOOK{Linearalgebra,
    author = {Spencer Insel Friedberg},
    edition = {2. Udgave},
    publisher = {Pearson},
    title = {Elementary Linear Algebra},
    year = 2008
}

% Engineering Vibration
@BOOK{EngiVibration,
    author = {Daniel J. Inman},
    edition = {4. Udgave},
    publisher = {Pearson},
    title = {Engineering Vibration},
    year = 2014
}

% Structural Health Monitoring - A machine learning perspective
@BOOK{SHMmachinelearning,
    author = {Charles R. Farrar, Keith Worden},
    edition = {1.},
    publisher = {Wiley},
    title = {Structural Health Monitoring A machine learning perspective},
    year = 2013
}

% Ole Witt Hansen Hjemmeside
@MISC{OWH,
  author = {Ole Witt Hansen},
  title = {Fysikkens Differentialligninger},
  year = {2008},
  howpublished = {\url{http://http://olewitthansen.dk/Fysik/Fysikkens_Differentialligninger.pdf}}
}

% SHM bridge.
@MISC{SHMforbridge,
  author = {FPrimeC},
  title = {Structural Health Monitoring for Bridge Structures},
  year = {2019},
  howpublished = {\url{https://www.fprimec.com/structural-health-monitoring-for-bridge-structures/}}
}

%Tacoma Narrows Broen.
@MISC{TacomaNarrows,
  author = {historienet.dk},
  title = {Hvorfor kollapsede Tacoma Narrows-broen},
  year = {2018},
  howpublished = {\url{https://historienet.dk/teknik/bygningsvaerker/hvorfor-kollapsede-tacoma-narrows-broen}}
}

% Vindmøllers levetid
@MISC{vindmoelleenergistyrelsen,
  author = {Energistyrelse},
  title = {Fremskrivning af antal vindmøller på land },
  year = {2019},
  howpublished = {\url{https://ens.dk/sites/ens.dk/files/Analyser/udfasning_af_eksisterende_vindmoeller_paa_land.pdf}}
}

@BOOK{Elementeoriplanebjaelker,
    author = {Esben Byskov},
    edition = {},
    publisher = {Aalborg Universitet},
    title = {Elementær Teori for Plane Bjælker},
    year = 2005
}
% Bilal artikel
@BOOK{Bilal,
    author = {Bilal Ali Qadri},
    edition = {},
    publisher = {Aalborg Universitet},
    title = {Damage detection in a reinforced concrete slab using outlier analysis},
    year = 2018
}

%0020-0026 artikle fra teams.
@BOOK{MahalanobisDistance,
    author = {G J McLachlan},
    edition = {},
    publisher = {Resonance},
    title = {Mahalanobis Distance},
    year = 1999
}

@MISC{MahalanobisDistancepython,
  author = {Selva Prabhakaran},
  title = {Mahalanobis Distance - Understanding the math with examples },
  year = {2020},
  howpublished = {\url{https://www.machinelearningplus.com/statistics/mahalanobis-distance/}}
  }
  
  @MISC{forcedronepdf,
  author = {Force Technology},
  title = {4589-drone-inspection.pdf},
  year = {2020},
  howpublished = {\url{https://forcetechnology.com/-/media/force-technology-media/pdf-files/inspection/4000-to-5000/4589-drone-inspection.pdf}}
  }
  @MISC{mitvideo,
  author = {MIT},
  title = {MIT Vibration lectures},
  year = {2010},
  howpublished = {\url{https://www.youtube.com/watch?v=9_d8CQrCYUw&list=PLDERnZ-YW-A9qWRPvM1f6vDdsFsu2vy9E&ab_channel=MITOpenCourseWare}}
  }


